@book{fragiadakis2004,
				author="Ι.Ε. Φραγκιαδάκης",
				title="Φωτοβολταϊκά Συστήματα",
				year=2004,
				publisher="Εκδόσεις ΖΗΤΗ"
}

@book{gelegenis2005,
				author="Ι.Ι. Γελεγένης και Π.Ι. Αξαόπουλος",
				title="Πηγές Ενέργειας, Συμβατικές και Ανανεώσιμες",
				year=2005,
				publisher="Σύγχρονη Εκδοτική"
}
