@book{gel:2005,
	title={Πηγές Ενέργειας: Συμβατικές και Ανανεώσιμες},
	author={Ι.Ι. Γελεγένης, Π.Ι. Αξαόπουλος},
	year={2005},
	publisher={Σύγχρονη Εκδοτική}
	}

@article{diaz2016,
	title={Energy Storage in Power Systems},
	author={Francisco Diaz-Gonzalez, Andreas Sumper, Oriol Gomis-Bellmunt},
	year={2016},
	publisher={John Wiley \& Sons Ltd}
	}

@article{energypress1105,
	author={Γιώργος Φιντικάκης},
	date={2022-05-11},
	title={Στην Βουλή τις επόμενες ημέρες ο πρώτος κλιματικός νόμος της χώρας-Τι θα περιλαμβάνει για καυστήρες πετρελαίου και συμβατικά αυτοκίνητα},
	journal={\latintext{EnergyPress}},
	note={\latintext{https://energypress.gr/news/stin-voyli-tis-epomenes-imeres-o-protos-klimatikos-nomos-tis-horas-ti-tha-perilamvanei-gia}},
	}

@article{energygov1801,
	author={\latintext{Office of Energy Efficiency and Renewable Energy}},
	date={2017-01-18},
	title={\latintext{What is pumped storage hydropower?}},
	journal={\latintext{EnergyGov}},
	note={\latintext{https://www.energy.gov/eere/water/pumped-storage-hydropower}},
	}

@thesis{mpouz2020,
	title={Μελέτη εγκατάστασης αιολικού πάρκου και συστήματος αντλησιοταμίευσης για το νησί της Σάμου},
	author={Μπουζουνιεράκης Νικόλαος},
	year={2020},
	school={Ελληνικό Μεσογειακό Πανεπιστημίο}
	}


